@misc{Mouse,
    author = {Emerson Hough},
    title = {{The Singing Mouse Stories}},
    howpublished = {\url{https://www.gutenberg.org/ebooks/21004}},
    year = {2007}
}

@misc{LenguajeR,
    author = {{R Core Team}},
    title = {{R: A Language and Environment for Statistical Computing}},
    organization = {{R Foundation for Statistical Computing, Vienna, Austria}},
    year = {2020},
    howpublished = {\url{https://www.R-project.org/}}
  }

@misc{mendoza2018,
   author = {Mendoza, Juan},
   title = {{Redes Sem\'anticas con R}},
   year = {2018},
   url = {URL{https://rpubs.com/jboscomendoza/redes_semanticas_r}},
   note = "[Web; accedido el 08-09-2020]"
 }
