@book{Mouse,
    author = {Emerson Hough},
    title = {{The Singing Mouse Stories}},
    year = 1895,
    publisher = {Library of Alexandria},
}

@book{latexcompanion,
    author    = "Michel Goossens and Frank Mittelbach and Alexander Samarin",
    title     = "The \LaTeX\ Companion",
    year      = "1993",
    publisher = "Addison-Wesley",
    address   = "Reading, Massachusetts"
}

@book{Dev1993,
    author    = "Luc Devroye",
    title     = "Non--Uniform Random Variate Generation",
    year      = "1986",
    publisher = "Springer-Verlag",
    address   = "175 Fifth Avenue, New York"
}
**********
@misc{LenguajeR,
    author = {{R Core Team}},
    title = {{R: A Language and Environment for Statistical Computing}},
    organization = {{R Foundation for Statistical Computing, Vienna, Austria}},
    year = 2020,
    howpublished = {\url{https://www.R-project.org/}}
  }
