@book{Coss95,
    author    = "Coss Bu Rauil",
    title     = "Simulaci\'on: un enfoque pr\'actico",
    year      = "1995",
    publisher = "Limusa",
    address   = "M\'exico"
}

@book{Mouse,
    author = {Emerson Hough},
    title = {{The Singing Mouse Stories}},
    year = 1895,
    publisher = {Library of Alexandria},
}

@book{latexcompanion,
    author    = "Michel Goossens and Frank Mittelbach and Alexander Samarin",
    title     = "The \LaTeX\ Companion",
    year      = "1993",
    publisher = "Addison-Wesley",
    address   = "Reading, Massachusetts"
}

@book{Dev1993,
    author    = "Luc Devroye",
    title     = "Non--Uniform Random Variate Generation",
    year      = "1986",
    publisher = "Springer-Verlag",
    address   = "175 Fifth Avenue, New York"
}

@misc{LenguajeR,
    author = {{R Core Team}},
    title = {{R: A Language and Environment for Statistical Computing}},
    organization = {{R Foundation for Statistical Computing, Vienna, Austria}},
    year = 2020,
    howpublished = {\url{https://www.R-project.org/}}
  }

@misc{Inegi,
    author = "Instituto Nacional de Estad\'istica y Geograf\'ia",
    title = "Caracter\'isticas educativas de la poblaci\'on",
    year = 2020,
    howpublished = {\url{https://www.inegi.org.mx/temas/educacion/default.html#Tabulados}}
  }

@book{Gutierrez2012,
    author    = "Ana Guti\'errez Banegas",
    title     = "Probabilidad y Estad\'istica, Enfoque por competencias",
    year      = "2012",
    publisher = "McGraw Hill",
    address   = "M\'exico"
  }

  @book{Triola2004,
    author    = "Mario F. Triola",
    title     = "Estad\'istica",
    year      = "2004",
    publisher = "Pearson Education",
    address   = "M\'exico"
  }
