@mastersthesis{arevalo2011,
  title={Mejoramiento de la calidad de las Galletas de Harina de Trigo mediante la adici{\'o}n de harina de haba (vicia faba l.) y de panela como edulcorante.},
  author={Ar{\'e}valo, Carlos Julio and Catucuamba, H{\'e}ctor},
  type={{B.S.} thesis},
  year={2011}
}

@mastersthesis{loaiza2017,
  title={Aplicaci{\'o}n de un dise{\~n}o proceso-mezclas en el desarrollo de galletas, con sustituci{\'o}n de harina de trigo por harina de pl{\'a}tano (Musa acuminata Cavendish), sin adici{\'o}n de az{\'u}car},
  author={Loaiza, Camila Andrea and Ben{\'\i}tez, Mar{\'\i}a Gabriela and others},
  type={{B.S.} thesis},
  year={2017},
  school={Quito: USFQ, 2017}
}

@mastersthesis{cardenas2015,
  title={Determinaci{\'o}n de las propiedades de las galletas antes y despu{\'e}s de hornear, realizando variaciones en la cantidad de los componentes activos},
  author={C{\'a}rdenas, Mar{\'\i}a Alejandra and others},
  type={{B.S.} thesis},
  year={2015},
  school={Uniandes}
}

@article{villarroel2009,
  title={Desarrollo de una formulaci{\'o}n optimizada de galletas para celiacos utilizando harina desgrasada de avellana chilena (Gevuina avellana, Mol) y harina de quinoa (Chenopodium quinoa Willd)},
  author={Villarroel, Mario and Huiriqueo, Carolina and Hazbun, Julia and Carrillo, Diego},
  journal={Archivos Latinoamericanos de Nutrici{\'o}n},
  volume={59},
  number={2},
  pages={184--190},
  year={2009},
  publisher={Archivos Latinoamericanos de Nutrici{\'o}n}
}

@phdthesis{martinez2016,
  title={Dise{\~n}o de galletas con alto valor nutricional para diab{\'e}ticos},
  author={Mart{\'\i}nez, Adri{\'a}n},
  year={2016}
}

@book{montgomery2003,
  title={Dise{\~n}o y an{\'a}lisis de experimentos},
  author={Montgomery, Douglas},
  year={2003},
  publisher={Limusa-Wiley}
}

@misc{LenguajeR,
    author = {{R Core Team}},
    title = {{R: A Language and Environment for Statistical Computing}},
    organization = {{R Foundation for Statistical Computing, Vienna, Austria}},
    year = 2020,
    howpublished = {https://www.R-project.org/}
  }
